@article{BuraliForti1897,
  author={Cesare Burali-Forti},
  title={Una questione sui numeri transfiniti},
  year={1897},
  journal={Rendiconti del Circolo Matematico di Palermo},
  volume={11},
  pages={154--164},
  DOI={10.1007/BF03015911}
}

@book{Russell1903,
  author={Bertrand Russell},
  title={The Principles of Mathematics},
  publisher={Cambridge University Press},
  year={1903}
}

@article{Russell1919,
  author={Bertrand Russell},
  title={The Philosophy of Logical Atomism},
  year={1919},
  journal={The Monist},
  volume={29},
  issue={3},
  pages={345--380},
  DOI={10.5840/monist19192937}
}

@book{Cantor1991,
  author={Georg Cantor},
  editor={Herbert Meschkowski and Winfried Nilson},
  title={Briefe},
  publisher={Springer-Verlag Berlin Heidelberg},
  year={1991}
}

@article{PeckhausKahl2002,
  author={Volker Peckhaus and Reinhard Kahl},
  title={Hilbert’s Paradox},
  year={2002},
  journal={Historia Mathematica},
  volume={29},
  issue={2},
  pages={157--175},
  DOI={10.1006/hmat.2002.2345}
}

@article{Myhill1958,
	author={John Myhill},
	journal={Logique Et Analyse},
	number={1},
	publisher={Association for Symbolic Logic},
	title={Problems Arising in the Formalization of Intensional Logic},
	volume={1},
	year={1958},
  pages={78--83},
  DOI={10.2307/2272577}
}

@book{Frege1980,
   title={The Philosophical and Mathematical Correspondence},
   author={Gottlob Frege},
   editor={Gottfried Gabriel and Hans Hermes and Friedrich Kambartel and Christial Thiel and Albert Veraart},
   publisher={Basil Blackwell},
   year={1980}
}

@book{Smullyan1978,
   title={What is the name of this book? – The riddle of Dracula and other logical puzzles},
   author={Raymond M. Smullyan},
   publisher={Prentice-Hall},
   year={1978}
}
